<?xml version="1.0" encoding="UTF-8"?><record xmlns="http://www.loc.gov/MARC21/slim" xmlns:cinclude="http://apache.org/cocoon/include/1.0" xmlns:zs="http://www.loc.gov/zing/srw/">
  <leader>00372nz  a2200133n  4500</leader>
  <controlfield tag="001">no2011048165</controlfield>
  <controlfield tag="003">DLC</controlfield>
  <controlfield tag="005">20110328074655.0</controlfield>
  <controlfield tag="008">110326n| acannaabn          |n aaa     c</controlfield>
  <datafield tag="010" ind1=" " ind2=" ">
    <subfield code="a">no2011048165</subfield>
  </datafield>
  <datafield tag="035" ind1=" " ind2=" ">
    <subfield code="a">(OCoLC)oca08809667</subfield>
  </datafield>
  <datafield tag="040" ind1=" " ind2=" ">
    <subfield code="a">IlMchBWI</subfield>
    <subfield code="b">eng</subfield>
    <subfield code="c">IlMchBWI</subfield>
  </datafield>
  <datafield tag="100" ind1="1" ind2=" ">
    <subfield code="a">Witschger, Julia</subfield>
  </datafield>
  <datafield tag="670" ind1=" " ind2=" ">
    <subfield code="a">My necklace, myself [VR], 2010:</subfield>
    <subfield code="b">container (Julia Witschger; actress)</subfield>
  </datafield>
</record>